@article{OReilly:2015uo,
author = {O'Reilly, Tim},
title = {{The WTF Economy {\textemdash} What{\textquoteright}s The Future of Work? {\textemdash} Medium}},
year = {2015},
pages = {1--7},
month = jul,
keywords = {sharing economy, social machines},
rating = {0},
date-added = {2015-10-12T07:27:50GMT},
date-modified = {2015-12-03T11:50:27GMT},
abstract = {WTF?! In San Francisco, Uber has 3x the revenue of the entire prior taxi and limousine industry.},
url = {https://medium.com/the-wtf-economy/the-wtf-economy-a3bd5f52ef00},
local-url = {file://localhost/Users/giacecco/Dropbox/Apps/Papers/Library.papers3/Files/92/925F3F6C-3439-4E2F-B148-6D2B9F50E4E4.pdf},
file = {{925F3F6C-3439-4E2F-B148-6D2B9F50E4E4.pdf:/Users/giacecco/Dropbox/Apps/Papers/Library.papers3/Files/92/925F3F6C-3439-4E2F-B148-6D2B9F50E4E4.pdf:application/pdf;925F3F6C-3439-4E2F-B148-6D2B9F50E4E4.pdf:/Users/giacecco/Dropbox/Apps/Papers/Library.papers3/Files/92/925F3F6C-3439-4E2F-B148-6D2B9F50E4E4.pdf:application/pdf}},
uri = {\url{papers3://publication/uuid/B0ECFE2D-2624-4B33-B40A-A0C340258C63}}
}

